<record><leader>00000cas a22000007a 4500</leader><controlfield tag="001">11461520</controlfield><controlfield tag="008">841206d1850185uohuwr ne      0    0eng d</controlfield><datafield ind1=" " ind2=" " tag="010"><subfield code="a">sn 84028786 </subfield></datafield><datafield ind1=" " ind2=" " tag="040"><subfield code="a">NPY</subfield><subfield code="b">eng</subfield><subfield code="c">NPY</subfield><subfield code="d">NPX</subfield><subfield code="d">ONP</subfield><subfield code="d">DLC</subfield><subfield code="d">NVF</subfield><subfield code="d">OCL</subfield><subfield code="d">OCLCF</subfield><subfield code="d">OCLCO</subfield></datafield><datafield ind1=" " ind2=" " tag="042"><subfield code="a">msc</subfield></datafield><datafield ind1="0" ind2=" " tag="130"><subfield code="a">Democratic mirror (Marion, Ohio : 1850)</subfield></datafield><datafield ind1="0" ind2="4" tag="245"><subfield code="a">The Democratic mirror.</subfield></datafield><datafield ind1=" " ind2=" " tag="260"><subfield code="a">Marion, Ohio :</subfield><subfield code="b">B.F. Warner,</subfield><subfield code="c">1850-</subfield></datafield><datafield ind1=" " ind2=" " tag="300"><subfield code="a">v. ;</subfield><subfield code="c">56 cm.</subfield></datafield><datafield ind1=" " ind2=" " tag="310"><subfield code="a">Weekly</subfield></datafield><datafield ind1="0" ind2=" " tag="362"><subfield code="a">Vol. 9, no. 36 (Dec. 20, 1850)-</subfield></datafield><datafield ind1=" " ind2=" " tag="500"><subfield code="a">Editor: John R. Knapp, Jr., &lt;1850-1853&gt;.</subfield></datafield><datafield ind1=" " ind2="0" tag="651"><subfield code="a">Marion (Ohio)</subfield><subfield code="v">Newspapers.</subfield></datafield><datafield ind1=" " ind2="7" tag="655"><subfield code="a">Newspapers.</subfield><subfield code="2">fast</subfield><subfield code="0">(OCoLC)fst01423814</subfield></datafield><datafield ind1=" " ind2="7" tag="651"><subfield code="a">Ohio</subfield><subfield code="z">Marion.</subfield><subfield code="2">fast</subfield><subfield code="0">(OCoLC)fst01227651</subfield></datafield><datafield ind1=" " ind2=" " tag="752"><subfield code="a">United States</subfield><subfield code="b">Ohio</subfield><subfield code="c">Marion</subfield><subfield code="d">Marion.</subfield></datafield><datafield ind1="0" ind2="0" tag="780"><subfield code="t">Marion Democratic mirror (Marion, Ohio : 1848)</subfield><subfield code="w">(DLC)sn 84028785</subfield></datafield><datafield ind1="0" ind2="0" tag="785"><subfield code="t">Marion mirror (Marion, Ohio : 1857)</subfield><subfield code="w">(DLC)sn 88077569</subfield></datafield></record>